@online{youtube-video1,
    title = {Linear Algebra: Conditioning \& Stability},
    date = {2020},
    organization = {Youtube},
    author = {Nathan Kutz},
    url = {https://www.youtube.com/watch?v=xWtDAHSWmOA},
}

@online{youtube-video2,
    title = {Applied Linear Algebra: Stability of Algorithms},
    date = {2020},
    organization = {Youtube},
    author = {Nathan Kutz},
    url = {https://www.youtube.com/watch?v=wZZ5vW7adng&t=1s},
}